% （1）专著中的文献
% [序号] 作者.专著名称.版本(第１版不加标注).出版者.出版年:参考页码.

@book{孙延奎2009小波分析及其工程应用,
  title={小波分析及其工程应用},
  author={孙延奎},
  year={2009},
  publisher={北京: 机械工业出版社}
}


% (2)期刊中的文献
% [序号] 作者.文献名称.期刊名称.卷号（期号）.年,月:页码范围.
@article{patcha2007overview,
  title={An overview of anomaly detection techniques: Existing solutions and latest technological trends},
  author={Patcha, Animesh and Park, Jung-Min},
  journal={Computer networks},
  volume={51},
  number={12},
  pages={3448--3470},
  year={2007},
  publisher={Elsevier}
}
@article{chandola2009anomaly,
  title={Anomaly detection: A survey},
  author={Chandola, Varun and Banerjee, Arindam and Kumar, Vipin},
  journal={ACM computing surveys (CSUR)},
  volume={41},
  number={3},
  pages={15},
  year={2009},
  publisher={ACM}
}
@article{dempster1977maximum,
  title={Maximum likelihood from incomplete data via the EM algorithm},
  author={Dempster, Arthur P and Laird, Nan M and Rubin, Donald B},
  journal={Journal of the royal statistical society. Series B (methodological)},
  pages={1--38},
  year={1977},
  publisher={JSTOR}
}
@article{portnoff1980time,
  title={Time-frequency representation of digital signals and systems based on short-time Fourier analysis},
  author={Portnoff, M},
  journal={IEEE Transactions on Acoustics, Speech, and Signal Processing},
  volume={28},
  number={1},
  pages={55--69},
  year={1980},
  publisher={IEEE}
}

@inproceedings{breunig2000lof,
  title={LOF: identifying density-based local outliers},
  author={Breunig, Markus M and Kriegel, Hans-Peter and Ng, Raymond T and Sander, J{\"o}rg},
  booktitle={ACM sigmod record},
  volume={29},
  number={2},
  pages={93--104},
  year={2000},
  organization={ACM}
}


% 以下类型未在bst文件中验证过，如果需要请自行修改bst文件……

% (3)论文集
% [序号] 作者.论文题目.见(英文用In).主编.论文集名.出版地.出版年:页码范围.
% 本模板没有实现“主编”部分，因为“见”和“论文集名”分离实在是很诡异的事情，且很多事情我们得到的bibTeX不含主编
% 中文需要加language={Chinese}字段，才会把"In"换成"见"
@inproceedings{Yang2012Automatic,
  title={Automatic detection of rumor on Sina Weibo},
  author={Yang, Fan and Liu, Yang and Yu, Xiaohui and Yang, Min},
  booktitle={Proceedings of the ACM SIGKDD Workshop on Mining Data Semantics},
  pages={1--7},
  year={2012},
  address = {New York, NY, USA},
  organization={ACM},
}

% (4)学位论文（格式已验证）
% [序号] 作者.题目.[学位论文](英文用[Dissertation]).保存地点.保存单位:年份.
% 中文需要使用language={Chinese}字段，英文输入language={}
@masterthesis{周兴2017基于深度学习的谣言检测及模式挖掘,
  title={基于深度学习的谣言检测及模式挖掘},
  author={周兴},
  school={中国科学院大学},
  year={2017},
  language={Chinese}
}


% (5)专利
% [序号] 专利申请者.题目.国别.专利文献种类.专利号.批准日期.

% (6)技术标准
% [序号] 起草责任者.标准代号.标准顺序号－发布年.标准名称.出版地.出版者.出版年度.


%(7)在线资料

@ELECTRONIC{KNKK,
  title = {Social Media},
  organization = {知乎},
  year = {2018},
  howpublished = {online},
  refdate = {2018-06-02},
  url = {https://zhuanlan.zhihu.com/p/30425907},
} 

  language = {Chinese}
} 

%(8)不属于任何上述类别的资料，指导手册中无规定，使用默认设置
@misc{thulac,
  author = {Sun, Maosong and Chen, Xinxiong and Zhang, Kaixu and Guo, Zhipeng and Liu, Zhiyuan},
  title = {THULAC: An Efficient Lexical Analyzer for Chinese},
  year = {2016}
}